@Book{GareyAndJohnson1979,
author = "Garey, Michael R.; Johnson, David S.",
title = "Computers and Intractability: A Guide to the Theory of NP-Completeness",
address = "United States",
publisher = "W. H. Freeman and Company",
year = 1979,
numpages = 338,
language = "english",
isbn = "978-0-7167-1045-5"
}

@Article{Johnson2005,
author = "Johnson, David S.",
title = "The NP-Completeness Column",
journal = "ACM Transactions on Algorithms",
doi = "10.1145/1077464.1077476",
year = 2005,
number = 1,
pages = "160–176",
language = "english"
}

@Article{BabaiCodenotti2008,
author = "Babai, László; Codenotti, Paolo",
title = "Isomorphism of Hypergraphs of Low Rank in Moderately Exponential Time",
journal = "FOCS '08: Proceedings of the 2008 49th Annual IEEE Symposium on Foundations of Computer Science",
isbn = "978-0-7695-3436-7",
year = 2008,
pages = "667–676",
language = "english"
}

@Article{FourColourProblem,
author = "K. Appel and W. Haken",
title = "Every planar map is four colorable. Part I. Discharging",
year = 1977,
journal = "Illinois J. Math. 21",
pages = "429-490"
}

@Book{KozaTheBase,
author = "Koza, J.R.",
title = "Genetic Programming: On the Programming of Computers by Means of Natural Selection",
address = "United States",
publisher = "MIT Press",
year = 1992,
numpages = 609,
language = "english"
}

@Book{Zukov,
author = "Зыков А. А.",
title = "Основы теории графов",
address = "М.",
publisher = "Наука",
year = 1986,
numpages = 384,
language = "russian",
isbn = "978-5-9502-0057-1"
}

@Article{Shilova,
author = "А. Шилова",
title = "<<Компьютерные>> боли",
journal = "Наука и жизнь",
issn = "0028-1263",
year = 2000,
pages = "50–54",
language = "russian"
}

@Book{Ergonomic,
author = "В.М. Мунипов, В.П.Зинченко",
title = "Эргономика: человекоориентированное проектирование техники, программных средств и среды: Учебник для вузов",
address = "М.",
publisher = "Логос",
year = 2001,
numpages = 356,
language = "russian",
isbn = "5-94010-043-0"
}

@manual{SafetyEcology,
  title        = {Методические указания к разделу "Безопасность и экологичность" в дипломных проектах по специальностям  «Информационные системы и технологии»},
  author       = {А.Б. Елькин, О.В. Маслеева}, 
  organization = {НГТУ},
  address      = {Н.Новгород},
  edition      = 1,
  month        = 1,
  year         = 2012,
  note         = {44 с.}
}

@manual{SafetyEcology,
  title        = {Методические указания к разделу "Безопасность и экологичность" в дипломных проектах по специальностям  «Информационные системы и технологии»},
  author       = {А.Б. Елькин, О.В. Маслеева}, 
  organization = {НГТУ},
  address      = {Н.Новгород},
  edition      = 1,
  month        = 1,
  year         = 2012,
  note         = {44 с.}
}

@manual{LampUtilization,
  title        = {Постановление об организации сбора отработанных ртутьсодержащих ламп на территории Пиндушского городского поселения},
  author       = {}, 
  organization = {Администрация Пиндушского городского поселения},
  address      = {п. Пиндуши},
  edition      = 1,
  month        = 3,
  year         = 2012,
  note         = {}
}

@online{SalaryProgrammer,
  author = {Person Agency},
  title = {{Зарплата программистов} по России},
  year = 2016,
  url = {https://person-agency.ru/salary-programmist.html},
  urldate = {2016-05-13}
}

@online{RentCost,
  author = {ЦИАН},
  title = {{Снять помещение} рядом с метро Бауманская},
  year = 2016,
  url = {http://www.cian.ru/snyat-pomeshenie-moskva-metro-baumanskaya},
  urldate = {2016-05-13}
}

@online{Clockface,
  author = {Циферблат},
  title = {Свободное пространство {Циферблат}},
  year = 2016,
  url = {http://ziferblat.net},
  urldate = {2016-05-14}
}

@inproceedings{PopulationSize,
  added-at = {2008-06-19T17:46:40.000+0200},
  address = {Seattle, Washington, USA},
  author = {Piszcz, Alan and Soule, Terence},
  biburl = {http://www.bibsonomy.org/bibtex/2413ad7486a3ba1ef70a8ea377dd70ccc/brazovayeye},
  booktitle = {{GECCO 2006:} Proceedings of the 8th annual conference
                 on Genetic and evolutionary computation},
  doi = {doi:10.1145/1143997.1144166},
  editor = {Keijzer, Maarten and Cattolico, Mike and Arnold, Dirk and Babovic, Vladan and Blum, Christian and Bosman, Peter and Butz, Martin V. and {Coello Coello}, Carlos and Dasgupta, Dipankar and Ficici, Sevan G. and Foster, James and Hernandez-Aguirre, Arturo and Hornby, Greg and Lipson, Hod and McMinn, Phil and Moore, Jason and Raidl, Guenther and Rothlauf, Franz and Ryan, Conor and Thierens, Dirk},
  interhash = {b0e038ea15ea60b44298eb4e2e1dfc99},
  intrahash = {413ad7486a3ba1ef70a8ea377dd70ccc},
  isbn = {1-59593-186-4},
  keywords = {MAX Poster, algorithms, binary binomial-3, difficulty, genetic optimal, population problem problem, programming: sizing sizing, tree},
  month = {8-12 July},
  notes = {GECCO-2006 A joint meeting of the fifteenth
                 international conference on genetic algorithms
                 (ICGA-2006) and the eleventh annual genetic programming
                 conference (GP-2006).

                 ACM Order Number 910060},
  organisation = {ACM SIGEVO (formerly ISGEC)},
  pages = {953--954},
  publisher = {ACM Press},
  publisher_address = {New York, NY, 10286-1405, USA},
  timestamp = {2008-06-19T17:49:34.000+0200},
  title = {Genetic programming: optimal population sizes for
                 varying complexity problems},
  url = {http://www.cs.bham.ac.uk/~wbl/biblio/gecco2006/docs/p953.pdf},
  volume = 1,
  year = 2006
}

@article{KolmogorovSmirnov,
  author = {Carvalho, Luis},
  issn = {1548-7660},
  journal = {Journal of Statistical Software, Code Snippets},
  month = jun,
  number = {3},
  posted-at = {2015-06-22 11:24:37},
  priority = {2},
  title = {{An Improved Evaluation of Kolmogorov's Distribution}},
  url = {http://www.jstatsoft.org/v65/c03},
  volume = {65},
  year = {2015}
}

@book{BlueStatistics,
  author    = {Горяинов В.Б., И.В.Павлов, Г.М. Цветкова}, 
  title     = {Матиматическая статистика},
  publisher = {Изд-во МГТУ им. Н.Э.Баумана},
  year      = 2008,
  series    = {Сер. Математика в техническом университете; Вып. XVII.},
  address   = {Moscow},
  edition   = 3,
  month     = 7,
  note      = {Под ред. В.С. Зарубина, А.П.Крищенко},
  isbn      = {9785703831915}
}

@misc{KernelDensity,
    abstract = {{The need for improvements over the fixed kernel density estimator in certain situations
has been discussed extensively in the literature, particularly in the application of
density estimation to mode hunting. Problem densities often exhibit skewness or
multimodality with differences in scale for each mode. By varying the bandwidth
in some fashion, it is possible to achieve significant improvements over the fixed
bandwidth approach. In general, variable bandwidth kernel density estimators can
be ...}},
    author = {Sain, S.},
    keywords = {kernel, kernel\_density},
    posted-at = {2011-03-14 10:35:22},
    priority = {2},
    title = {{Adaptive Kernel Density Estimation}},
    url = {http://citeseerx.ist.psu.edu/viewdoc/summary?doi=10.1.1.57.3682},
    year = {1994}
}

@book{ProgrammingTechnologiesSoloviev,
  author    = {Соловьев С. В., Цой Р. И., Гринкруг Л. С.}, 
  title     = {Технология разработки прикладного программного обеспечения},
  publisher = {Академия Естествознания},
  year      = 2011, 
  isbn      = {978-5-91327-158-7}
}

@inproceedings{citeulike:1179073,
    abstract = {{Server applications, and in particular networkbased server applications, place a unique combination of demands on a programming language: lightweight concurrency and high I/O throughput are both important. This paper describes a prototype web server written in Concurrent Haskell, and presents two useful results: rstly, a conforming server could be written with minimal eort, leading to an implementation in less than 1500 lines of code, and secondly the naive implementation produced reasonable ...}},
    author = {Marlow, S.},
    booktitle = {Proceedings of the 2000 Haskell Workshop},
    keywords = {functional-programming, haskell},
    month = sep,
    posted-at = {2007-12-27 04:11:07},
    priority = {2},
    title = {{Writing High-Performance Server Applications in Haskell}},
    url = {http://citeseerx.ist.psu.edu/viewdoc/summary?doi=10.1.1.35.8701},
    year = {2000}
}

@book{Haskell98Report,
  author    = {Simon Peyton Jones}, 
  title     = {Haskell 98 Language and Libraries. The Revised Report},
  publisher = {Cambridge University Press},
  year      = 2003,
  address   = {The Pitt Building, Trumpington Street, Cambridge CB2 IRP},
  isbn      = {0-521 826144}
}

@book{YesodBook,
  author    = {Michael Snoyman}, 
  title     = {Developing Web Applications with Haskell and Yesod},
  publisher = {O'Relly Media Inc.},
  year      = 2012,
  address   = {1005 Gravenstein Highway North, Sebastopol, CA 95472},
  isbn      = {0-521 826144}
}

@article{Servant,
 author = {Mestanogullari, Alp and Hahn, S\"{o}nke and Arni, Julian K. and L\"{o}h, Andres},
 title = {Type-level Web APIs with Servant: An Exercise in Domain-specific Generic Programming},
 booktitle = {Proceedings of the 11th ACM SIGPLAN Workshop on Generic Programming},
 series = {WGP 2015},
 year = {2015},
 isbn = {978-1-4503-3810-3},
 location = {Vancouver, BC, Canada},
 pages = {1--12},
 numpages = {12},
 url = {http://doi.acm.org/10.1145/2808098.2808099},
 doi = {10.1145/2808098.2808099},
 acmid = {2808099},
 publisher = {ACM},
 address = {New York, NY, USA},
 keywords = {Haskell, embedded domain-specific languages, generic programming, type-level programming, web programming},
} 

@article{SymbolicRegression,
author={D. A. Augusto and H. J. C. Barbosa},
booktitle={Neural Networks, 2000. Proceedings. Sixth Brazilian Symposium on},
title={Symbolic regression via genetic programming},
year={2000},
pages={173-178},
keywords={genetic algorithms;linear codes;probability;tree searching;Read's linear code;computational experiments;creation;crossover;genetic programming;mutation;random coefficients;symbolic regression;tree-like structures;Biological information theory;Genetic algorithms;Genetic mutations;Genetic programming;Linear code;Predictive models;Vectors},
doi={10.1109/SBRN.2000.889734},
ISSN={1522-4899},
month={},
}